@thesis{Prakash:Library,
   AUTHOR = "Mallika Prakash",
   TITLE = "Library characterization and static timing analysis of asynchronous circuits",
   school = "University of Southern California",
   Year = {2007}    }

@thesis{Gilla:Library,
   AUTHOR = "Swetha Mettala Gilla",
   TITLE = "Library characterization and static timing analysis of single-track circuits in GasP",
   school = "Portland State University",
   Year = {2010}    }

@ARTICLE{Moreira:LiChEn,
	AUTHOR = "Matheus Trevisan Moreira and Carlos H. M. Oliveira and Ney L. V. Calazans and Luciano C. Ost",
	TITLE = "LiChEn: Automated electrical characterization of asynchronous standard cell libraries",
	JOURNAL = {Euromicro Conference on Digital System Design},
    PAGES = {933-940},
	YEAR = {2013}	}

@ARTICLE{Moreira:Automated,
	AUTHOR = "Matheus T. Moreira and Michel Arendt and Adriel Ziesemer Jr. and Ricardo Reis and Ney Laert Vilar Calazans",
	TITLE = "Automated synthesis of cell libraries for asynchronous circuits",
	JOURNAL = {27th Symposium on Integrated Circuits and Systems Design},
    PAGES = {1-7},
	YEAR = {2014}	}


@ARTICLE{Alex:Design,
	AUTHOR = "Alex Kondratyev and Kelvin Lwin",
	TITLE = "Design of asynchronous circuits by synchronous CAD tools",
	JOURNAL = {Proceedings of Design Automation Conference},
	PAGES = {107-117},
	YEAR = {2002}	}

@ARTICLE{Manohar:Quasi,
	AUTHOR = "Rajit Manohar and Alain J. Martin",
	TITLE = "Quasi-delay-insensitive circuits are Turing complete",
	JOURNAL = {Proceedings of International Symposium on Advanced Research in Asynchronous Circuits and Systems},
	YEAR = {1996}	}

@phdthesis{Burns:Peformance,
	AUTHOR = "Steven M. Burns",
	TITLE = "Performance analysis and optimization of asynchronous circuits",
	school = "California Instititute of Technology",
	YEAR = {1991}	}


@phdthesis{Lee:Analysis,
	AUTHOR = "Tak Kwan Lee",
	TITLE = "A general approach to performance analysis and optimization of asynchronous circuits",
	school = "California Institute of Technology",
	YEAR = {1995}	}

@ARTICLE{Gunawardena:Cycle,
	AUTHOR = "Jeremy Gunawardena",
	TITLE = "Cycle times and fixed points of min-max functions",
	JOURNAL = {11th International Conference on Analysis and Optimization of Systems Discrete Event Systems},
	VOLUME = {199},
	PAGES = {266-272},
	YEAR = {1994}	}

@ARTICLE{Gunawardena:Timing,
	AUTHOR = "Jeremy Gunawardena",
	TITLE = "Timing analysis of digital circuits and the theory of min-max functions",
	JOURNAL = {International workshop on timing issues in the specifications and synthesis of digital systems (TAU)},
    MONTH = "September",
	YEAR = {1993}	}

@ARTICLE{Murata:Petri,
	AUTHOR = "Tadao Murata",
	TITLE = "Petri nets: Properties, Analysis and Applications",
	JOURNAL = {Proceedings of the IEEE},
    VOLUME = {77},
    NUMBER = {4},
    PAGES = {541-580},
    MONTH = "April",
	YEAR = {1989}	}

@ARTICLE{Commoner:Marked,
	AUTHOR = "Frederic Commoner and Anatol W Holt and S Even
 and A Pnueli",
	TITLE = "Marked directed graphs",
	JOURNAL = {Journal of Computer System and Sciences},
    VOLUME = {5},
    PAGES = {511-523},
	YEAR = {1971}	}


@ARTICLE{McGee:An,
	AUTHOR = "Peggy B. McGee and Steven M. Nowick",
	TITLE = "An efficient algorithm for time separation of events in concurrent systems",
	JOURNAL = {IEEE/ACM International Conference on Computer-Aided Design},
    PAGES = {180-187},
	YEAR = {2007}	}

@ARTICLE{Hua:Exact,
	AUTHOR = "Wenmian Hua and Rajit Manohar",
	TITLE = "Exact timing analysis for asynchronous systems",
	JOURNAL = {IEEE Transactions on Computer-Aided Design of Integrated Circuits and Systems},
	note = {DOI:10:1109/TCAD.2017.2693268},
	YEAR = {2017}	}
%@ARTICLE{Cha:Effi,
%	AUTHOR = "Supratik Chakraborty and David L. Dill and Kenneth Y. Yun",
%	TITLE = "Efficient algorithms for approximate time separation of events",
%	JOURNAL = {Academy Proceedings in Engineering Sciences},
%	YEAR = {2001}	}

@ARTICLE{Karp:Parametric,
	AUTHOR = "Richard M. Karp and James B. Orlin",
	TITLE = "Parametric shortest path algorithms with an application to cyclic staffing",
	JOURNAL = {Discrete Applied Mathematics},
    VOLUME = {3},
    PAGES = {37-45},
	YEAR = {1981}	}

@ARTICLE{Dasdan:Experimental,
	AUTHOR = "Ali Dasdan",
	TITLE = "Experimental analysis of the fastest optimum cycle ratio and mean algorithms",
	JOURNAL = {Transactions on Design Automation of Electronic Systems},
    VOLUME = {9},
    NUMBER = {4},
    PAGES = {385-418},
	YEAR = {2004}	}

@ARTICLE{Neal:Faster,
	AUTHOR = "Neal E. Young and Robert E. Tarjant and James B. Orlin",
	TITLE = "Faster parametric shortest path and minimum-balance algorithms",
	JOURNAL = {Networks},
    VOLUME = {21},
    NUMBER = {2},
    PAGES = {205-221},
	YEAR = {1991}	}

@ARTICLE{Hanson:On,
	AUTHOR = "Denis Hanson",
	TITLE = "On the product of the primes",
	JOURNAL = {Canadian Mathematical Bulletin},
    VOLUME = {15},
    PAGES = {33-37},
	YEAR = {1972}	}

%@ARTICLE{Farhi:Non,
%	AUTHOR = "Bakir Farhi",
%	TITLE = "Nontrivial lower bounds for the least common multiple of some finite sequences of integers",
%	JOURNAL = {Journal of Number Theory},
%    VOLUME = {125},
%    PAGES = {393-411},
%	YEAR = {2007}	}

@ARTICLE{Magott:Performance,
	AUTHOR = "Jan Magott",
	TITLE = "Performance evaluation of concurrent systems using Petri nets",
	JOURNAL = {Information Proceeding Letters},
    VOLUME = {18},
    NUMBER = {1},
    PAGES = {7-13},
	YEAR = {1984}	}



@ARTICLE{Gaubert:Rational,
	AUTHOR = "Stephane Gaubert and Carlos Klimann",
	TITLE = "Rational computation in dioid algebra and its application to performance evaluation of discrete event systems",
	JOURNAL = {Algebraic computer in control},
    note = {\uppercase{N}umber 165 in Lecture Notes in Computer Science, Springer},
    YEAR = {1991}
	}


@ARTICLE{Hulgaard:Report,
	AUTHOR = "Henrik Hulgaard and Steven M. Burns and Tod Amon and Gaetano Borriello",
	TITLE = "An algorithm for exact bounds on the time separation of events in concurrent systems",
	note = {\uppercase{T}echnical Report TR Number 94-02-02, University of Washington, Department of Compter Science and Engineering},
    YEAR = {1994}
	}

%
%@ARTICLE{Xie:Bounding,
%	AUTHOR = "Aiguo Xie and Sangyun Kim and Peter A. Beerel",
%	TITLE = "Bounding average time separations of events in stochastic timed petri-nets with choice",
%	JOURNAL = {Proceedings of ASYNC},
%	YEAR = {1999}	}


@ARTICLE{Mark:Tr,
    AUTHOR = "Mark Hartman and Cristina Arguelles",
    TITLE = "Transience bounds for long walks",
    JOURNAL = {Mathematics of Operational Research},
    NUMBER = {2},
    VOLUME = {24},
    YEAR = {1999},
    PAGES = {414--439}}

@ARTICLE{Bern:Ne,
    AUTHOR = "Bernadette Charron-Bost and Matthias Fugger and Thomas Nowak",
    TITLE = "New transience bounds for long walks",
    JOURNAL = {E-print arXiv:1209.3342},
    YEAR = {2012}}

@ARTICLE{Ser:CSR,
    AUTHOR = "Sergei Sergeev and Hans Schneider",
    TITLE = "\uppercase{C}\uppercase{S}\uppercase{R} expansions of maxtrix powers in max algebra",
    JOURNAL = {Transactions of the American Mathematical Society},
    VOLUME = {364},
    YEAR = {2012},
    PAGES = {5696--5994},
    note = {E-print arXiv:0912.2534}}

@ARTICLE{Gle:Weak,
    AUTHOR = "Glenn Merlet and Thomas Nowak and Sergei Sergeev",
    TITLE = "Weak CSR expansions and transience bounds in max-plus algebra",
    JOURNAL = {Linear Algebra and its Applications},
    VOLUME = {461},
    PAGES = {163-199},
    YEAR = {2014}}

@BOOK{Law:Combinatorial,
    AUTHOR = "Eugene Leighton Lawler",
    TITLE = "Combinatorial Optimization: Network and Matroids",
    PUBLISHER = {Holt, Reinhart and Winston},
    LOCATION = {New York, NY},
    YEAR = {1976}}

@BOOK{How:Dynamic,
    AUTHOR = "Ronald Arthur Howard",
    TITLE = "Dynamic Programming and Markov Processes",
    PUBLISHER = {The M.I.T Press},
    LOCATION = {Cambridge, MA},
    YEAR = {1960}}
